@inproceedings{KR18,
  author    = {Aur{\`{e}}le Barri{\`{e}}re and
               Bastien Maubert and
               Aniello Murano and
               Sasha Rubin},
  title     = {Changing Observations in Epistemic Temporal Logic},
  booktitle = {Principles of Knowledge Representation and Reasoning: Proceedings
               of the Sixteenth International Conference, {KR} 2018, Tempe, Arizona,
               30 October - 2 November 2018.},
  pages     = {621--622},
  year      = {2018},
  url       = {https://aaai.org/ocs/index.php/KR/KR18/paper/view/18005},
  timestamp = {Thu, 18 Oct 2018 09:45:00 +0200},
  biburl    = {https://dblp.org/rec/bib/conf/kr/BarriereMMR18},
  bibsource = {dblp computer science bibliography, https://dblp.org}
}

@misc{internship,
  author = {Aur{\`{e}}le Barri{\`{e}}re},
  title = {{Defining and Model-Checking an Epistemic Temporal Logic with Changes of Observations}},
  year = {2017},
  url = {http://perso.eleves.ens-rennes.fr/people/Aurele.Barriere/papers/ctlskd.pdf}
}

@inproceedings{ktrees,
  author    = {Ron van der Meyden and
               Nikolay V. Shilov},
  title     = {Model Checking Knowledge and Time in Systems with Perfect Recall (Extended Abstract)},
  booktitle = {Foundations of Software Technology and Theoretical Computer Science,
               19th Conference, Chennai, India, December 13-15, 1999, Proceedings},
  pages     = {432--445},
  year      = {1999},
  url       = {https://doi.org/10.1007/3-540-46691-6_35},
  doi       = {10.1007/3-540-46691-6_35},
  timestamp = {Wed, 24 May 2017 15:40:44 +0200},
  biburl    = {http://dblp.uni-trier.de/rec/bib/conf/fsttcs/MeydenS99},
  bibsource = {dblp computer science bibliography, http://dblp.org}
}

@misc{nusmv,
  title = {{NuSMV}},
  howpublished = {\url{http://nusmv.fbk.eu/}}
}

@misc{ctlskd_mc,
  title = {{A CTLSKD Model-Checker in Ocaml}},
  howpublished = {\url{https://github.com/Aurele-Barriere/CTLSKD_MC}}
}

@article{reduction,
  author    = {E. Allen Emerson and
               Chin{-}Laung Lei},
  title     = {Modalities for Model Checking: Branching Time Logic Strikes Back},
  journal   = {Sci. Comput. Program.},
  volume    = {8},
  number    = {3},
  pages     = {275--306},
  year      = {1987},
  url       = {https://doi.org/10.1016/0167-6423(87)90036-0},
  doi       = {10.1016/0167-6423(87)90036-0},
  timestamp = {Sat, 27 May 2017 14:22:54 +0200},
  biburl    = {https://dblp.org/rec/bib/journals/scp/EmersonL87},
  bibsource = {dblp computer science bibliography, https://dblp.org}
}

@misc{get_nusmv,
  title = {{Getting NuSMV}},
  howpublished = {\url{http://nusmv.fbk.eu/NuSMV/download/getting-v2.html}}
}

@misc{spin,
  title = {The SPIN Model-Checker},
  howpublished = {\url{http://spinroot.com/spin/whatispin.html}}
}

@inproceedings{nusmv_paper,
  author    = {Alessandro Cimatti and
               Edmund M. Clarke and
               Enrico Giunchiglia and
               Fausto Giunchiglia and
               Marco Pistore and
               Marco Roveri and
               Roberto Sebastiani and
               Armando Tacchella},
  title     = {NuSMV 2: An OpenSource Tool for Symbolic Model Checking},
  booktitle = {Computer Aided Verification, 14th International Conference, {CAV}
               2002,Copenhagen, Denmark, July 27-31, 2002, Proceedings},
  pages     = {359--364},
  year      = {2002},
  url       = {https://doi.org/10.1007/3-540-45657-0\_29},
  doi       = {10.1007/3-540-45657-0\_29},
  timestamp = {Thu, 01 Jun 2017 18:57:42 +0200},
  biburl    = {https://dblp.org/rec/bib/conf/cav/CimattiCGGPRST02},
  bibsource = {dblp computer science bibliography, https://dblp.org}
}
